% blog posts

@online{hutchison2016polypegBlog,
  author = {Dylan Hutchison and Bill Howe and Dan Suciu and Zachary Tatlock},
  title = {Poly{PEG}: A Proposal for Polystore Optimization},
  year = {2016},
  month = {4},
  url = {http://istc-bigdata.org/index.php/polypeg-a-proposal-for-polystore-optimization}
}
  % The URL was taken down... :/
