% book chapters

@incollection{hutchison2022graphulo,
  author      = "Gadepally, Vijay and Bolewski, Jake and Hook, Daniel and Hutchison, Shana and Miller, Benjamin and Kepner, Jeremy",
  title       = "Graphulo: Linear Algebra Graph Kernels",
  editor      = "Bader, David",
  booktitle   = "Massive Graph Analytics",
  publisher   = "Taylor \& Francis",
  year        = 2022,
  isbn 				= "9780367464127",
}
  %address     = "",
  %pages       = "",
  %chapter     = ,
