@article{kepner2013taming,
  title={Taming Biological Big Data with {D4M}},
  author={Kepner, Jeremy and Ricke, Darrell and Hutchison, Dylan},
  journal={Lincoln Laboratory Journal},
  volume={20},
  number={1},
  year={2013}
}