@misc{hutchison2012bioinformaticsTalk,
  author = {Dylan Hutchison},
  title = {Accelerating Bioinformatics with Big Data Technologies},
  year = {2012},
  month = {8},
  note = {Presentation at an intern symposium at MIT Lincoln Laboratory}
}

@misc{hutchison2013sopdTalk,
  author = {Dylan Hutchison},
  title = {Uncertain? {R}epresent your belief with {SOPD}},
  year = {2013},
  month = {1},
  note = {Minute madness talk at Programming Languages Mentoring Workshop (PLMW) at the Principles of Programming Languages Conference (POPL)}
}

@misc{hutchison2013modelTalk,
  author = {Dylan Hutchison},
  title = {Our aims as Modelers: Toward better Predictions, Explanations, Interventions},
  year = {2013},
  month = {8},
  note = {Presentation at a technical seminar at Sandia National Laboratories},
  url = {github.com/dhutchis/ModelTalk}
}

@misc{hutchison2013networkTalk,
  author = {Dylan Hutchison and Levi Lloyd},
  title = {Network Anomaly Detection},
  year = {2013},
  month = {8},
  note = {Presentation at an intern symposium at Sandia National Laboratories}
}

@misc{hutchison2014modelwizardTalk,
  author = {Dylan Hutchison and Andrew Gordon and Claudio Russo},
  title = {{ModelWizard}: {I}nteractive model construction for {T}abular},
  year = {2014},
  month = {8},
  note = {Presentation and demo to Programming Principles and Tools at Microsoft Research}
}

@misc{hutchison2015d4mAccumulo,
  author = {Vijay Gadepally and Lauren Edwards and Dylan Hutchison and Jeremy Kepner},
  title = {Using D4M for rapid prototyping of analytics for Apache Accumulo},
  year = {2015},
  month = {4},
  note = {Presentation at Accumulo Summit},
  url = {http://accumulosummit.com/program/talks/using-d4m-for-rapid-prototyping-of-analytics-for-apache-accumulo/}
}

@misc{hutchison2015graphuloUseDesign,
  author = {Dylan Hutchison and Jeremy Kepner and Vijay Gadepally},
  title = {Graphulo Use and Design},
  year = {2015},
  month = {8},
  note = {Presentation and demo to government sponsors}
}

@misc{hutchison2015graphuloUseDesign,
  author = {Dylan Hutchison and Jeremy Kepner and Vijay Gadepally},
  title = {LARA: A Language of Linear and Relational Algebra for Polystores},
  year = {2015},
  month = {12},
  note = {UWDB Database Day 2015 industry talk},
  url = {http://db.cs.washington.edu/events/database_day/2015/database_day_2015.html}
}

@misc{hutchison2016qualsTalk,
  author = {Dylan Hutchison},
  title = {In-Database Analytics for NoSQL Key-Value Stores},
  year = {2016},
  month = {12},
  note = {Qualifying Project Talk},
  url = {https://www.cs.washington.edu/qualsexam/dhutchis}
}
