@misc{hutchison2011infrastructurePoster,
  author = {Dylan Hutchison and David Kleszyk},
  title = {Investigating the Influence of Infrastructure on the Load Response of Stevens Course Servers},
  year = {2011},
  month = {12},
  note = {Poster presented at Microsoft PhD Summer School}
}


@misc{hutchison2014structuralPoster,
  author = {Dylan Hutchison and {the Microsoft Research Tabular Team}},
  title = {Structural Clustering},
  year = {2014},
  month = {7},
  note = {Poster presented at Microsoft PhD Summer School}
}
%Presented early work on a framework to infer cluster models in Tabular, a probabilistic programming language.

@misc{hutchison2015hbaasPoster,
  author = {Dylan Hutchison and Eric Cherin and Xin Li and Hefei Yang},
  title = {},
  year = {2015},
  month = {4},
  note = {Poster and demo presented at Stevens Institute Senior Design Expo}
}

@misc{2015vizmedicaltextPoster,
  author = {Leilani Battle and Lauren Edwards and Vijay Gadepally and Brendan Gavin and Braden Hancock and Dylan Hutchison and Jeremy Kepner and Andrew Moran},
  title = {Technologies for Visualization of Big Medical Text Data},
  year = {2015},
  month = {8},
  note = {Poster presented at Very Large Databases Conference (VLDB)}
}

@misc{hutchison2015graphuloPoster,
  author = {Dylan Hutchison and Jeremy Kepner and Vijay Gadepally},
  title = {Graphulo: Graph Processing for {Accumulo} Databases},
  year = {2015},
  month = {9},
  note = {Poster presented at a retreat for the Intel Science and Tchnology Center for Big Data}
}

