% reverse chronological order

@inproceedings{hutchison2017graphuloGraphChallenge,
  author    = {Hutchison, Dylan},
  title = {Distributed Triangle Counting in the Graphulo Matrix Math Library},
  Booktitle = {High Performance Extreme Computing Conference (HPEC)},
  year = {2017},
  Organization = {IEEE},
  month = {9},
}
