@MastersThesis{hutchison2015modelwizard,
  Title                    = {{M}odel{W}izard: {T}oward Interactive Model Construction},
  Author                   = {Hutchison, Dylan},
  School                   = {Stevens Institute of Technology},
  Year                     = {2015},
type = {M.S. Thesis},
month = {5},
eprint = {1604.04639},
eprintclass = {cs.PL},
eprinttype = {arxiv}
}
