@misc{hutchison2016lara,
  author = {Dylan Hutchison and Bill Howe and Dan Suciu},
  title = {Lara: A Key-Value Algebra underlying Arrays and Relations},
  year = {2016},
  month = {4},
  note = {Working draft},
  url = {http://arxiv.org/abs/1604.03607}
}

